% Encoding: UTF-8

@Unpublished{Szabo:1994,
  author = {Szabo, Nick},
  title  = {{Smart Contracts}},
  note   = {1994},
}

@Article{Chamber:2016,
  author      = {{Smart Contracts Alliance---In collaboration with Deloitte}},
  title       = {{Smart Contracts: 12 Use Cases for Business \& Beyond}},
  journal     = {{Chamber of Digital Commerce}},
  year        = {2016},
  institution = {{Chamber of Digital Commerce}},
}

@Article{Capgemini:2016,
  author      = {Cant, Bart and Khadikar, Amol and Ruiter, Antal and Bronebakk, Jakob Bolgen and Coumaros, Jean and Buvat, Jerome and Gupta, Abhishek},
  title       = {{Smart Contracts in Financial Services: Getting from Hype to Reality}},
  journal     = {The Digital Transformation Institute, Capgemini},
  year        = {2016},
  institution = {Capgemini},
}

@Article{Buterin:2014,
  author  = {Buterin, Vitalik},
  title   = {{A Next-Generation Smart Contract and Decentralized Application Platform}},
  journal = {{White paper}},
  year    = {2014},
  note    = {\url{https://github.com/ethereum/wiki/wiki/White-Paper}},
}

@InProceedings{Bartoletti:2017,
  author    = {Bartoletti, Massimo and Pompianu, Livio},
  title     = {{An Empirical Analysis of Smart Contracts: Platforms, Applications, and Design Patterns}},
  booktitle = {Proc. Int. Conf. Financial Cryptography and Data Security},
  year      = {2017},
  pages     = {494--509},
}

@Article{Barr:2015,
  author  = {Barr, Earl T and Harman, Mark and McMinn, Phil and Shahbaz, Muzammil and Yoo, Shin},
  title   = {{The Oracle Problem in Software Testing: A Survey}},
  journal = {IEEE Trans. Software Engineering},
  year    = {2015},
  volume  = {41},
  number  = {5},
  pages   = {507--525},
}

@Misc{Ethereum:2014,
  author       = {Buterin, Vitalik},
  title        = {{Design Rationale}},
  howpublished = {\url{https://github.com/ethereum/wiki/wiki/Design-Rationale}},
  year         = {2014},
}

@Article{Ellis:2017,
  author  = {Ellis, Steve and Juels, Ari and Nazarov, Sergey},
  title   = {{ChainLink: A Decentralized Oracle Network}},
  journal = {White paper},
  year    = {2017},
  note    = {\url{https://link.smartcontract.com/whitepaper}},
}

@Article{Ezekiel:1938,
  author  = {Ezekiel, Mordecai},
  title   = {{The Cobweb Theorem}},
  journal = {The Quarterly Journal of Economics},
  year    = {1938},
  volume  = {52},
  number  = {2},
  pages   = {255--280},
}

@InProceedings{Douceur:2002,
  author    = {Douceur, John R},
  title     = {{The Sybil Attack}},
  booktitle = {Proc. Int. Workshop on Peer-to-Peer Systems},
  year      = {2002},
  pages     = {251--260},
}

@Article{Singleton:2016,
  author  = {Singleton, Andy},
  title   = {{The Economics of Microservices}},
  journal = {IEEE Cloud Computing},
  year    = {2016},
  volume  = {3},
  number  = {5},
  pages   = {16--20},
}

@Article{Huxtable:2018,
  author  = {Huxtable, Jonny},
  title   = {{LinkPool: A Trust-less Staking Network for ChainLink}},
  journal = {White paper},
  year    = {2018},
  note    = {\url{https://s3.linkpool.io/LinkPool+Whitepaper.pdf}},
}

@Article{Gartner:2017,
  author      = {Lovelock, John-David and Reynolds, Martin and Granetto, Bianca and Kandaswamy, Rajesh},
  title       = {{Forecast: Blockchain Business Value, Worldwide, 2017-2030}},
  journal     = {Gartner},
  year        = {2017},
  institution = {Gartner},
}

@Article{Costan:2016,
  author  = {Costan, Victor and Devadas, Srinivas},
  title   = {{Intel SGX Explained}},
  journal = {{IACR Cryptology ePrint Archive}},
  year    = {2016},
}

@Comment{jabref-meta: databaseType:bibtex;}
